% Encoding: UTF-8

@WWW{Menetrey2016LaTeX,
  author = {Jämes Ménétrey},
  title  = {LaTeX Compendium - Github},
  date   = {2016-09-13},
  url    = {https://github.com/ZenLulz/LatexCompendium},
}

@Comment{jabref-meta: databaseType:biblatex;}
