% Encoding: UTF-8

@Online{wiki2016pythagore,
  author = {Wikipédia},
  title  = {Théorème de Pythagore},
  date   = {2016-07-15},
  url    = {https://fr.wikipedia.org/wiki/Th%C3%A9or%C3%A8me_de_Pythagore},
}

@Online{wiki2015addition,
  author = {Wikipédia},
  title  = {Table d'addition},
  date   = {2015-12-04},
  url    = {https://fr.wikipedia.org/wiki/Table_d%27addition},
}

@Online{wiki2015multiplication,
  author = {Wikipédia},
  title  = {Table de multiplication},
  date   = {2015-12-12},
  url    = {https://fr.wikipedia.org/wiki/Table_de_multiplication},
}

@Comment{jabref-meta: databaseType:biblatex;}
