% Encoding: UTF-8

@Book{Hawking2010Grand,
  author    = {Stephen Hawking},
  title     = {The Grand Design},
  year      = {2010},
  date      = {2010-09-07},
  publisher = {Bantam Books},
  isbn      = {0-553-80537-1},
  pagetotal = {208},
  ean       = {9780553805376},
  keywords  = {en},
}

@Book{Torvalds2001Just,
  author    = {Linus Torvalds},
  title     = {Just for Fun},
  year      = {2001},
  publisher = {HarperBusiness},
  isbn      = {0-06-662072-4},
  pagetotal = {262},
  keywords  = {fr},
}

@Book{Entertainment2011Art,
  author    = {Blizzard Entertainment},
  title     = {The Art of Blizzard},
  year      = {2011},
  date      = {2011-10-27},
  publisher = {Insight Editions, Div of Palace Publishing Group, LP},
  isbn      = {1608870278},
  pagetotal = {375},
  url       = {http://www.ebook.de/de/product/14742283/blizzard_entertainment_the_art_of_blizzard.html},
  ean       = {9781608870271},
  keywords  = {en},
}

@Book{Evans2003Domain,
  author    = {Eric J. Evans},
  title     = {Domain-Driven Design},
  year      = {2003},
  date      = {2003-08-11},
  publisher = {Addison Wesley},
  isbn      = {0321125215},
  pagetotal = {529},
  url       = {http://www.ebook.de/de/product/3258737/eric_j_evans_domain_driven_design.html},
  ean       = {9780321125217},
  keywords  = {fr},
}

@Book{Eagle2011IDA,
  author    = {Chris Eagle},
  title     = {The IDA Pro Book},
  year      = {2011},
  date      = {2011-08-11},
  publisher = {No Starch Inc.},
  isbn      = {1593272898},
  pagetotal = {XXIV},
  url       = {http://www.ebook.de/de/product/14615016/chris_eagle_the_ida_pro_book.html},
  ean       = {9781593272890},
  keywords  = {en},
}

@Article{Menetrey2016LaTeX,
  author   = {Jämes Ménétrey},
  title    = {LaTeX Compendium - Github},
  date     = {2016-09-13},
  url      = {https://github.com/ZenLulz/LatexCompendium},
  keywords = {fr},
}

@Comment{jabref-meta: databaseType:biblatex;}
